@article{hess2001facial,
  title={Facial mimicry and emotional contagion to dynamic emotional facial expressions and their influence on decoding accuracy},
  author={Hess, Ursula and Blairy, Sylvie},
  journal={International journal of psychophysiology},
  volume={40},
  number={2},
  pages={129--141},
  year={2001},
  publisher={Elsevier}
}